<?xml version="1.0" encoding="UTF-8"?><collection xmlns="http://www.loc.gov/MARC21/slim"><record><leader>00364nam--2200133-i-4500</leader><controlfield tag="001">000043700</controlfield><controlfield tag="002">20161230</controlfield><controlfield tag="005">20161230201044</controlfield><controlfield tag="008">060222s1000------------r-----000-0-eng-d</controlfield><datafield ind1=" " ind2=" " tag="080"><subfield code="a">541.127(043)</subfield></datafield><datafield ind1=" " ind2=" " tag="100"><subfield code="a">Tardif,Andre</subfield></datafield><datafield ind1=" " ind2=" " tag="245"><subfield code="a">Cinetique des reactions du pentane et de la vapeur d`eau sous ....</subfield></datafield><datafield ind1=" " ind2=" " tag="260"><subfield code="a">Nancy, Univ.De Nancy I, 1972. 178 P</subfield></datafield><datafield ind1=" " ind2=" " tag="852"><subfield code="a">40351</subfield></datafield></record></collection>